@book{bate1971,
	author = {Bate, R. R. and Mueller, D. D. and White, J. E.},
	title = {Fundamentals of Astrodynamics},
	year = {1971},
	publisher = {Dover Publications, Inc.},
	address = {New York}
	}

@article{lu2022,
  title = {Micius quantum experiments in space},
  author = {Lu, Chao-Yang and Cao, Yuan and Peng, Cheng-Zhi and Pan, Jian-Wei},
  journal = {Rev. Mod. Phys.},
  volume = {94},
  issue = {3},
  pages = {035001},
  numpages = {46},
  year = {2022},
  month = {Jul},
  publisher = {American Physical Society},
  doi = {10.1103/RevModPhys.94.035001},
  url = {https://link.aps.org/doi/10.1103/RevModPhys.94.035001}
}

@book{curtis2005,
  author = {Howard D. Curtis},
  title = {Orbital Mechanics for Engineering Students},
  publisher = {Elsevier Butterworth-Heinemann},
  year = {2005},
  address = {Oxford, UK}
}

@article{luzum2011,
  author = {Luzum, Brian and Capitaine, Nicole and Fienga, Agnès and Folkner, William and Fukushima, Toshio and Hilton, James and Hohenkerk, Catherine and Krasinsky, George and Petit, Gérard and Pitjeva, Elena and Soffel, Michael and Wallace, Patrick},
  journal = {Celestial Mechanics and Dynamical Astronomy},
  volume = {110},
  issue = {4},
  title = {The IAU 2009 system of astronomical constants: the report of the IAU working group on numerical standards for Fundamental Astronomy},
  year = {2011},
  url = {https://doi.org/10.1007/s10569-011-9352-4}
}

@article{khatri2021,
  author = {Khatri, Sumeet and Brady, Anthony J. and Desporte, Renee A. and Bart, Manon P. and Dowling, Jonathan P.},
  journal = {npj Quantum Information},
  volume = {7},
  issue = {1},
  title = {Spooky action at a global distance: analysis of space-based entanglement distribution for the quantum internet},
  year = {2021},
  url = {https://doi.org/10.1038/s41534-020-00327-5}
}

@article{wootters1998,
   title={Entanglement of Formation of an Arbitrary State of Two Qubits},
   volume={80},
   ISSN={1079-7114},
   url={http://dx.doi.org/10.1103/PhysRevLett.80.2245},
   DOI={10.1103/physrevlett.80.2245},
   number={10},
   journal={Physical Review Letters},
   publisher={American Physical Society (APS)},
   author={Wootters, William K.},
   year={1998},
   month=mar, 
   pages={2245-2248}
}

@article{brand2024,
  author = {Brand, Dean and Sinayskiy, Ilya and Petruccione, Francesco},
  journal = {Scientific Reports},
  number = {},
  title = {Markovian noise modelling and parameter extraction framework for quantum devices},
  volume = {14},
  issue = {1},
  year = {2024}
}

@book{vardoyan2025,
  author = {Gayane Vardoyan},
  publisher = {Homework 2},
  title = {Problem 9 (c)},
  year = {2025}
}